@Article{Battin_2007,
  doi = {10.1073/pnas.0701685104},
  url = {https://doi.org/10.1073/pnas.0701685104},
  year = {2007},
  month = {apr},
  publisher = {Proceedings of the National Academy of Sciences},
  volume = {104},
  number = {16},
  pages = {6720--6725},
  author = {J. Battin and M. W. Wiley and M. H. Ruckelshaus and R. N. Palmer and E. Korb and K. K. Bartz and H. Imaki},
  title = {Projected impacts of climate change on salmon habitat restoration},
  journal = {Proceedings of the National Academy of Sciences},
}

@Article{Naman_2017,
  doi = {10.1139/cjfas-2016-0406},
  url = {https://doi.org/10.1139/cjfas-2016-0406},
  year = {2017},
  month = {aug},
  publisher = {Canadian Science Publishing},
  volume = {74},
  number = {8},
  pages = {1208--1217},
  author = {Sean M. Naman and Jordan S. Rosenfeld and Laura C. Third and John S. Richardson},
  title = {Habitat-specific production of aquatic and terrestrial invertebrate drift in small forest streams: implications for drift-feeding fish},
  journal = {Canadian Journal of Fisheries and Aquatic Sciences},
}

@Article{Naman_2018,
  doi = {10.1111/1365-2656.12845},
  url = {https://doi.org/10.1111/1365-2656.12845},
  year = {2018},
  month = {may},
  publisher = {Wiley},
  volume = {87},
  number = {5},
  pages = {1383--1394},
  author = {Sean M. Naman and Jordan S. Rosenfeld and Peter M. Kiffney and John S. Richardson},
  editor = {Garrett Street},
  title = {The energetic consequences of habitat structure for forest stream salmonids},
  journal = {Journal of Animal Ecology},
}

@Article{Naman_2019,
  doi = {10.1111/fwb.13358},
  url = {https://doi.org/10.1111/fwb.13358},
  year = {2019},
  month = {jun},
  publisher = {Wiley},
  volume = {64},
  number = {9},
  pages = {1613--1626},
  author = {Sean M. Naman and Jordan S. Rosenfeld and Jason R. Neuswanger and Eva C. Enders and Brett C. Eaton},
  title = {Comparing correlative and bioenergetics-based habitat suitability models for drift-feeding fishes},
  journal = {Freshwater Biology},
}

@Article{Rodeles_2019,
  doi = {10.1080/20442041.2018.1544817},
  url = {https://doi.org/10.1080/20442041.2018.1544817},
  year = {2019},
  month = {apr},
  publisher = {Informa {UK} Limited},
  volume = {9},
  number = {3},
  pages = {278--288},
  author = {Amaia A. Rodeles and Pedro M. Leunda and Josu Elso and Jose Ardaiz and David Galicia and Rafael Miranda},
  title = {Consideration of habitat quality in a river connectivity index for anadromous fishes},
  journal = {Inland Waters},
}

@Article{Walsworth_2020,
  doi = {10.1002/ecs2.3266},
  url = {https://doi.org/10.1002/ecs2.3266},
  year = {2020},
  month = {oct},
  publisher = {Wiley},
  volume = {11},
  number = {10},
  author = {Timothy E. Walsworth and Jeffrey R. Baldock and Christian E. Zimmerman and Daniel E. Schindler},
  title = {Interaction between watershed features and climate forcing affects habitat profitability for juvenile salmon},
  journal = {Ecosphere},
}
