@Article{Bartz_2006,
  doi = {10.1139/f06-055},
  url = {https://doi.org/10.1139/f06-055},
  year = {2006},
  month = {jul},
  publisher = {Canadian Science Publishing},
  volume = {63},
  number = {7},
  pages = {1578--1595},
  author = {Krista K Bartz and Kerry M Lagueux and Mark D Scheuerell and Tim Beechie and Andrew D Haas and Mary H Ruckelshaus},
  title = {Translating restoration scenarios into habitat conditions: an initial step in evaluating recovery strategies for Chinook salmon (Oncorhynchus tshawytscha)},
  journal = {Canadian Journal of Fisheries and Aquatic Sciences},
}

@Article{Battin_2007,
  doi = {10.1073/pnas.0701685104},
  url = {https://doi.org/10.1073/pnas.0701685104},
  year = {2007},
  month = {apr},
  publisher = {Proceedings of the National Academy of Sciences},
  volume = {104},
  number = {16},
  pages = {6720--6725},
  author = {J. Battin and M. W. Wiley and M. H. Ruckelshaus and R. N. Palmer and E. Korb and K. K. Bartz and H. Imaki},
  title = {Projected impacts of climate change on salmon habitat restoration},
  journal = {Proceedings of the National Academy of Sciences},
}

@Article{Caissie_2006,
  doi = {10.1111/j.1365-2427.2006.01597.x},
  url = {https://doi.org/10.1111/j.1365-2427.2006.01597.x},
  year = {2006},
  month = {aug},
  publisher = {Wiley},
  volume = {51},
  number = {8},
  pages = {1389--1406},
  author = {D. Caissie},
  title = {The thermal regime of rivers: a review},
  journal = {Freshwater Biology},
}

@Article{Isaak_2007,
  doi = {10.1890/05-1949},
  url = {https://doi.org/10.1890/05-1949},
  year = {2007},
  month = {mar},
  publisher = {Wiley},
  volume = {17},
  number = {2},
  pages = {352--364},
  author = {Daniel J. Isaak and Russell F. Thurow and Bruce E. Rieman and Jason B. Dunham},
  title = {Chinook salmon use of spawning patches: relative roles of habitat quality, size, and connectivity},
  journal = {Ecological Applications},
}

@Article{Jorgensen_2009,
  doi = {10.1111/j.1365-2427.2009.02207.x},
  url = {https://doi.org/10.1111/j.1365-2427.2009.02207.x},
  year = {2009},
  month = {jul},
  publisher = {Wiley},
  volume = {54},
  number = {7},
  pages = {1560--1575},
  author = {Jeffrey C. Jorgensen and Jon M. Honea and Michelle M. McClure and Thomas D. Cooney and Kim Engie and Damon M. Holzer},
  title = {Linking landscape-level change to habitat quality: an evaluation of restoration actions on the freshwater habitat of spring-run Chinook salmon},
  journal = {Freshwater Biology},
}

@Article{Pess_2011,
  doi = {10.1080/00028487.2011.587752},
  url = {https://doi.org/10.1080/00028487.2011.587752},
  year = {2011},
  month = {jul},
  publisher = {Wiley},
  volume = {140},
  number = {4},
  pages = {883--897},
  author = {G. R. Pess and P. M. Kiffney and M. C. Liermann and T. R. Bennett and J. H. Anderson and T. P. Quinn},
  title = {The influences of body size, habitat quality, and competition on the movement and survival of juvenile coho salmon during the early stages of stream recolonization},
  journal = {Transactions of the American Fisheries Society},
}

@Article{Rodeles_2019,
  doi = {10.1080/20442041.2018.1544817},
  url = {https://doi.org/10.1080/20442041.2018.1544817},
  year = {2019},
  month = {apr},
  publisher = {Informa {UK} Limited},
  volume = {9},
  number = {3},
  pages = {278--288},
  author = {Amaia A. Rodeles and Pedro M. Leunda and Josu Elso and Jose Ardaiz and David Galicia and Rafael Miranda},
  title = {Consideration of habitat quality in a river connectivity index for anadromous fishes},
  journal = {Inland Waters},
}
