%% This BibTeX bibliography file was created using BibDesk.
%% http://bibdesk.sourceforge.net/


%% Created for Sunny L Jardine at 2021-04-12 07:03:46 -0700 


%% Saved with string encoding Unicode (UTF-8) 



@article{o2005optimizing,
	author = {O'hanley, Jesse Rush and Tomberlin, David},
	date-added = {2021-04-12 07:03:39 -0700},
	date-modified = {2021-04-12 07:03:39 -0700},
	journal = {Environmental Modeling \& Assessment},
	number = {2},
	pages = {85--98},
	publisher = {Springer},
	title = {Optimizing the removal of small fish passage barriers},
	volume = {10},
	year = {2005}}

@article{couto2021safeguarding,
	author = {Couto, Thiago BA and Messager, Mathis L and Olden, Julian D},
	date-added = {2021-04-01 09:52:24 -0700},
	date-modified = {2021-04-01 09:52:24 -0700},
	journal = {Nature Sustainability},
	pages = {1--8},
	publisher = {Nature Publishing Group},
	title = {Safeguarding migratory fish via strategic planning of future small hydropower in Brazil},
	year = {2021},
	Bdsk-File-1 = {YnBsaXN0MDDSAQIDBFxyZWxhdGl2ZVBhdGhZYWxpYXNEYXRhXxAqLi4vLi4vLi4vLi4vUGFwZXJzL2NvdXRvMjAyMGh5ZHJvcG93ZXIucGRmTxEBgAAAAAABgAACAAAMTWFjaW50b3NoIEhEAAAAAAAAAAAAAAAAAAAAAAAAAEJEAAH/////F2NvdXRvMjAyMGh5ZHJvcG93ZXIucGRmAAAAAAAAAAAAAAAAAAAAAAAAAAAAAAAAAAAAAAAAAAAAAAAAAAAAAP////8AAAAAUERGIENBUk8ABAACAAAKIGN1AAAAAAAAAAAAAAAAAAZQYXBlcnMAAgA7LzpVc2VyczpzdW5ueWphcmRpbmU6RHJvcGJveDpQYXBlcnM6Y291dG8yMDIwaHlkcm9wb3dlci5wZGYAAA4AMAAXAGMAbwB1AHQAbwAyADAAMgAwAGgAeQBkAHIAbwBwAG8AdwBlAHIALgBwAGQAZgAPABoADABNAGEAYwBpAG4AdABvAHMAaAAgAEgARAASADlVc2Vycy9zdW5ueWphcmRpbmUvRHJvcGJveC9QYXBlcnMvY291dG8yMDIwaHlkcm9wb3dlci5wZGYAABMAAS8AABUAAgAT//8AAAAIAA0AGgAkAFEAAAAAAAACAQAAAAAAAAAFAAAAAAAAAAAAAAAAAAAB1Q==}}

@article{rabotyagov2014cost,
	author = {Rabotyagov, Sergey S and Campbell, Todd D and White, Michael and Arnold, Jeffrey G and Atwood, Jay and Norfleet, M Lee and Kling, Catherine L and Gassman, Philip W and Valcu, Adriana and Richardson, Jeffrey and others},
	date-added = {2021-04-01 09:50:36 -0700},
	date-modified = {2021-04-01 09:50:36 -0700},
	journal = {Proceedings of the National Academy of Sciences},
	number = {52},
	pages = {18530--18535},
	publisher = {National Acad Sciences},
	title = {Cost-effective targeting of conservation investments to reduce the northern Gulf of Mexico hypoxic zone},
	volume = {111},
	year = {2014},
	Bdsk-File-1 = {YnBsaXN0MDDSAQIDBFxyZWxhdGl2ZVBhdGhZYWxpYXNEYXRhXxAoLi4vLi4vLi4vLi4vUGFwZXJzL3NlcmdleTIwMTRoeXBveGljLnBkZk8RAXgAAAAAAXgAAgAADE1hY2ludG9zaCBIRAAAAAAAAAAAAAAAAAAAAAAAAABCRAAB/////xVzZXJnZXkyMDE0aHlwb3hpYy5wZGYAAAAAAAAAAAAAAAAAAAAAAAAAAAAAAAAAAAAAAAAAAAAAAAAAAAAAAAD/////AAAAAFBERiBDQVJPAAQAAgAACiBjdQAAAAAAAAAAAAAAAAAGUGFwZXJzAAIAOS86VXNlcnM6c3VubnlqYXJkaW5lOkRyb3Bib3g6UGFwZXJzOnNlcmdleTIwMTRoeXBveGljLnBkZgAADgAsABUAcwBlAHIAZwBlAHkAMgAwADEANABoAHkAcABvAHgAaQBjAC4AcABkAGYADwAaAAwATQBhAGMAaQBuAHQAbwBzAGgAIABIAEQAEgA3VXNlcnMvc3VubnlqYXJkaW5lL0Ryb3Bib3gvUGFwZXJzL3NlcmdleTIwMTRoeXBveGljLnBkZgAAEwABLwAAFQACABP//wAAAAgADQAaACQATwAAAAAAAAIBAAAAAAAAAAUAAAAAAAAAAAAAAAAAAAHL}}

@article{mebane2011genetic,
	author = {Mebane Jr, Walter R and Sekhon, Jasjeet S and others},
	date-added = {2021-04-01 07:17:56 -0700},
	date-modified = {2021-04-01 07:17:56 -0700},
	journal = {Journal of Statistical Software},
	number = {11},
	pages = {1--26},
	publisher = {Citeseer},
	title = {Genetic optimization using derivatives: the rgenoud package for R},
	volume = {42},
	year = {2011}}

@article{sanchirico2008empirical,
	author = {Sanchirico, James N and Smith, Martin D and Lipton, Douglas W},
	date-added = {2021-02-11 08:13:16 -0800},
	date-modified = {2021-02-11 08:13:16 -0800},
	journal = {Ecological Economics},
	number = {3},
	pages = {586--596},
	publisher = {Elsevier},
	title = {An empirical approach to ecosystem-based fishery management},
	volume = {64},
	year = {2008}}

@article{jardine2015fishermen,
	author = {Jardine, Sunny L and Sanchirico, James N},
	date-added = {2021-02-11 08:11:59 -0800},
	date-modified = {2021-02-11 08:11:59 -0800},
	journal = {Journal of Environmental Economics and Management},
	pages = {37--54},
	publisher = {Elsevier},
	title = {Fishermen, markets, and population diversity},
	volume = {74},
	year = {2015}}

@article{johnston2002combining,
	author = {Johnston, Robert J and Magnusson, Gisele and Mazzotta, Marisa J and Opaluch, James J},
	date-added = {2021-02-11 08:11:07 -0800},
	date-modified = {2021-02-11 08:11:07 -0800},
	journal = {American Journal of Agricultural Economics},
	number = {5},
	pages = {1362--1370},
	publisher = {JSTOR},
	title = {Combining economic and ecological indicators to prioritize salt marsh restoration actions},
	volume = {84},
	year = {2002}}

@article{kuby2005multiobjective,
	author = {Kuby, Michael J and Fagan, William F and ReVelle, Charles S and Graf, William L},
	date-added = {2021-02-03 07:27:56 -0800},
	date-modified = {2021-02-03 07:27:56 -0800},
	journal = {Advances in Water Resources},
	number = {8},
	pages = {845--855},
	publisher = {Elsevier},
	title = {A multiobjective optimization model for dam removal: an example trading off salmon passage with hydropower and water storage in the Willamette basin},
	volume = {28},
	year = {2005}}

@article{moody2017pet,
	author = {Moody, Allison T and Neeson, Thomas M and Wangen, Steve and Dischler, Jeff and Diebel, Matthew W and Milt, Austin and Herbert, Matthew and Khoury, Mary and Yacobson, Eugene and Doran, Patrick J and others},
	date-added = {2021-02-03 06:44:22 -0800},
	date-modified = {2021-02-03 06:44:22 -0800},
	journal = {Fisheries},
	number = {1},
	pages = {57--65},
	publisher = {Taylor \& Francis},
	title = {Pet project or best project? Online decision support tools for prioritizing barrier removals in the Great Lakes and beyond},
	volume = {42},
	year = {2017}}

@techreport{optipass2015migratory,
	author = {Jesse R. O'Hanley},
	date-added = {2021-01-29 09:32:48 -0800},
	date-modified = {2021-01-29 09:37:35 -0800},
	institution = {Ecointelligence LLC},
	title = {OptiPass: {T}he Migratory Fish Passage Optimization Tool, {V}ersion 1.1. {U}ser Manual},
	year = {2015}}

@article{brown2019coming,
	author = {Alex Brown},
	date-added = {2021-01-29 06:51:39 -0800},
	date-modified = {2021-01-29 06:54:30 -0800},
	journal = {The Daily Chronicle},
	month = {August},
	title = {Coming Down the Pipe: Saving Washington's Salmon May Require Replacing Tens of Thousands of Culverts, and Nobody Knows Where the Money Will Come From},
	year = {2019}}

@article{hickey2018highway,
	author = {Hickey, Ryan},
	date-added = {2021-01-29 06:37:02 -0800},
	date-modified = {2021-01-29 06:37:02 -0800},
	journal = {Pub. Land \& Resources L. Rev.},
	pages = {253},
	publisher = {HeinOnline},
	title = {Highway Culverts, Salmon Runs, and the Stevens Treaties: A Century of Litigating Pacific Northwest Tribal Fishing Rights},
	volume = {39},
	year = {2018}}

@article{mcmanamay2019commonalities,
	author = {McManamay, Ryan A and Perkin, Joshuah S and Jager, Henriette I},
	date-added = {2021-01-28 18:05:13 -0800},
	date-modified = {2021-01-28 18:05:13 -0800},
	journal = {Ecosphere},
	number = {2},
	pages = {e02596},
	publisher = {Wiley Online Library},
	title = {Commonalities in stream connectivity restoration alternatives: an attempt to simplify barrier removal optimization},
	volume = {10},
	year = {2019}}

@article{ettinger2021prioritizing,
	author = {Ettinger, AK and Buhle, ER and Feist, BE and Howe, E and Spromberg, JA and Scholz, NL and Levin, PS},
	date-added = {2021-01-28 18:04:29 -0800},
	date-modified = {2021-01-28 18:04:29 -0800},
	journal = {Scientific reports},
	number = {1},
	pages = {1--13},
	publisher = {Nature Publishing Group},
	title = {Prioritizing conservation actions in urbanizing landscapes},
	volume = {11},
	year = {2021}}

@article{mckay2020dst,
	author = {McKay, S Kyle and Martin, Erik H and McIntyre, Peter B and Milt, Austin W and Moody, Allison T and Neeson, Thomas M},
	date-added = {2021-02-17 18:17:16 -0800},
	date-modified = {2021-02-17 18:17:16 -0800},
	journal = {River Research and Applications},
	number = {8},
	pages = {1754--1761},
	publisher = {Wiley Online Library},
	title = {A comparison of approaches for prioritizing removal and repair of barriers to stream connectivity},
	volume = {36},
	year = {2020}}
