%% This BibTeX bibliography file was created using BibDesk.
%% http://bibdesk.sourceforge.net/


%% Created for Sunny L Jardine at 2021-01-29 09:37:36 -0800 


%% Saved with string encoding Unicode (UTF-8) 



@techreport{optipass2015migratory,
	author = {Jesse R. O'Hanley},
	date-added = {2021-01-29 09:32:48 -0800},
	date-modified = {2021-01-29 09:37:35 -0800},
	institution = {Ecointelligence LLC},
	title = {OptiPass: {T}he Migratory Fish Passage Optimization Tool, {V}ersion 1.1. {U}ser Manual },
	year = {2015}}

@article{brown2019coming,
	author = {Alex Brown},
	date-added = {2021-01-29 06:51:39 -0800},
	date-modified = {2021-01-29 06:54:30 -0800},
	journal = {The Daily Chronicle},
	month = {August},
	title = {Coming Down the Pipe: Saving Washington's Salmon May Require Replacing Tens of Thousands of Culverts, and Nobody Knows Where the Money Will Come From},
	year = {2019}}

@article{hickey2018highway,
	author = {Hickey, Ryan},
	date-added = {2021-01-29 06:37:02 -0800},
	date-modified = {2021-01-29 06:37:02 -0800},
	journal = {Pub. Land \& Resources L. Rev.},
	pages = {253},
	publisher = {HeinOnline},
	title = {Highway Culverts, Salmon Runs, and the Stevens Treaties: A Century of Litigating Pacific Northwest Tribal Fishing Rights},
	volume = {39},
	year = {2018}}

@article{mcmanamay2019commonalities,
	author = {McManamay, Ryan A and Perkin, Joshuah S and Jager, Henriette I},
	date-added = {2021-01-28 18:05:13 -0800},
	date-modified = {2021-01-28 18:05:13 -0800},
	journal = {Ecosphere},
	number = {2},
	pages = {e02596},
	publisher = {Wiley Online Library},
	title = {Commonalities in stream connectivity restoration alternatives: an attempt to simplify barrier removal optimization},
	volume = {10},
	year = {2019}}

@article{ettinger2021prioritizing,
	author = {Ettinger, AK and Buhle, ER and Feist, BE and Howe, E and Spromberg, JA and Scholz, NL and Levin, PS},
	date-added = {2021-01-28 18:04:29 -0800},
	date-modified = {2021-01-28 18:04:29 -0800},
	journal = {Scientific reports},
	number = {1},
	pages = {1--13},
	publisher = {Nature Publishing Group},
	title = {Prioritizing conservation actions in urbanizing landscapes},
	volume = {11},
	year = {2021}}
